% This file was created with JabRef 2.10.
% Encoding: UTF8


@Article{ADAMSDYNAMIC,
  Title                    = {Dynamic and context-aware process adaptation},
  Author                   = {Adams, Michael and Ter Hofstede, Arthur and Russell, Nick and van der Aalst, Wil},
  Journal                  = {Handbook of research on complex dynamic process management: techniques for adaptability in turbulent environments/Ed. MM Wang, Z. Sun},
  Year                     = {2009},
  Pages                    = {104--136},

  Publisher                = {Business Science Reference}
}

@Article{WSNSURVEY,
  Title                    = {Wireless sensor networks: a survey},
  Author                   = {Akyildiz, Ian F and Su, Weilian and Sankarasubramaniam, Yogesh and Cayirci, Erdal},
  Journal                  = {Computer networks},
  Year                     = {2002},
  Number                   = {4},
  Pages                    = {398},
  Volume                   = {38},

  Publisher                = {Elsevier}
}

@Article{IOTFIRST,
  Title                    = {That ‘internet of things’ thing},
  Author                   = {Ashton, Kevin},
  Journal                  = {RFiD Journal},
  Year                     = {2009},
  Number                   = {7},
  Pages                    = {97--114},
  Volume                   = {22}
}

@Article{BERGWAREHOUSE,
  Title                    = {Models for warehouse management: Classification and examples},
  Author                   = {van den Berg, Jeroen P and Zijm, WHM},
  Journal                  = {International Journal of Production Economics},
  Year                     = {1999},
  Number                   = {1},
  Pages                    = {519--528},
  Volume                   = {59},

  Publisher                = {Elsevier}
}

@Article{BIGDATA,
  Title                    = {The importance of ‘big data’: a definition},
  Author                   = {Beyer, Mark A and Laney, Douglas},
  Journal                  = {Stamford, CT: Gartner},
  Year                     = {2012}
}

@Misc{PICHYPECYC,
  Title                    = {Gartner Adds Big Data, Gamification, and Internet of Things to Its Hype Cycle},

  Author                   = {Brockmeier, Joe},
  HowPublished             = {http://readwrite.com/2011/08/11/gartner-adds-big-data-gamifica},
  Note                     = {[Online]},
  Year                     = {2011}
}

@InProceedings{BUCHHIDYNA,
  Title                    = {Dynamic adaptation of fragment-based and context-aware business processes},
  Author                   = {Bucchiarone, Antonio and Marconi, Annapaola and Pistore, Marco and Raik, Heorhi},
  Booktitle                = {Web Services (ICWS), 2012 IEEE 19th International Conference on},
  Year                     = {2012},
  Organization             = {IEEE},
  Pages                    = {33--41}
}

@Article{SMARTSENSORS,
  Title                    = {Smart fabric sensors and e-textile technologies: a review},
  Author                   = {Castano, Lina M and Flatau, Alison B},
  Journal                  = {Smart Materials and Structures},
  Year                     = {2014},
  Number                   = {5},
  Pages                    = {053001},
  Volume                   = {23},

  Publisher                = {IOP Publishing}
}

@Article{IN4HYPE,
  Title                    = {Industrie 4.0: Hit or Hype?[Industry Forum]},
  Author                   = {Drath, Rainer and Horch, Alexander},
  Journal                  = {Industrial Electronics Magazine, IEEE},
  Year                     = {2014},
  Number                   = {2},
  Pages                    = {56--58},
  Volume                   = {8},

  Publisher                = {IEEE}
}

@Book{LEANFAC,
  Title                    = {Value stream design: The way towards a lean factory},
  Author                   = {Erlach, Klaus},
  Publisher                = {Springer Science \& Business Media},
  Year                     = {2012}
}

@Misc{INDUSINTERNET,
  Title                    = {Industrial Internet: Pushing the boundaries of minds and machines, General Electric},

  Author                   = {Evans, PC and Annunziata, M},
  Year                     = {2012},

  Publisher                = {Tech. Rep}
}

@Article{IOTGUBBI,
  Title                    = {Internet of Things (IoT): A vision, architectural elements, and future directions},
  Author                   = {Gubbi, Jayavardhana and Buyya, Rajkumar and Marusic, Slaven and Palaniswami, Marimuthu},
  Journal                  = {Future Generation Computer Systems},
  Year                     = {2013},
  Number                   = {7},
  Pages                    = {1645--1660},
  Volume                   = {29},

  Publisher                = {Elsevier}
}

@Article{IN4DESIGN,
  Title                    = {Design Principles for Industrie 4.0 Scenarios: A Literature Review},
  Author                   = {Hermann, Mario and Pentek, Tobias and Otto, Boris},
  Year                     = {2015}
}

@InProceedings{CYBERIN,
  Title                    = {Cyber physical systems in the context of Industry 4.0},
  Author                   = {Jazdi, Nasser},
  Booktitle                = {Automation, Quality and Testing, Robotics, 2014 IEEE International Conference on},
  Year                     = {2014},
  Organization             = {IEEE},
  Pages                    = {1--4}
}

@Misc{VDINACH,
  Title                    = {Industrie 4.0: Mit dem Internet der Dinge auf dem Weg zur 4. industriellen Revolution},

  Author                   = {Kagermann, Henning and Lukas, Wolf-Dieter and Wahlster, Wolfgang},
  HowPublished             = {http://www.vdi-nachrichten.com/Technik-Gesellschaft/Industrie-40-Mit-Internet-Dinge-Weg-4-industriellen-Revolution},
  Note                     = {[Online]},
  Year                     = {2011}
}

@Article{LEANKOLBERG,
  Title                    = {Lean automation enabled by industry 4.0 technologies},
  Author                   = {Kolberg, Dennis and Z{\"u}hlke, Detlef},
  Journal                  = {IFAC-PapersOnLine},
  Year                     = {2015},
  Number                   = {3},
  Pages                    = {1870--1875},
  Volume                   = {48},

  Publisher                = {Elsevier}
}

@Misc{IOTMANU,
  Title                    = {The Internet of Things and the future of manufacturing},

  Author                   = {L{\"o}ffler, Markus and Tschiesner, Andreas},
  Year                     = {2013},

  Publisher                = {McKinsey\&Company}
}

@Article{LANDHERR,
  Title                    = {Intelligent management of manufacturing knowledge: Foundations, motivation scenario and roadmap},
  Author                   = {Landherr, Martin and Constantinescu, Carmen},
  Journal                  = {Procedia CIRP},
  Year                     = {2012},
  Pages                    = {269--274},
  Volume                   = {3},

  Publisher                = {Elsevier}
}

@Article{LEVYLIT,
  Title                    = {A systems approach to conduct an effective literature review in support of information systems research},
  Author                   = {Levy, Yair and Ellis, Timothy J},
  Journal                  = {Informing Science: International Journal of an Emerging Transdiscipline},
  Year                     = {2006},
  Number                   = {1},
  Pages                    = {181--212},
  Volume                   = {9},

  Publisher                = {Informing Science Institute}
}

@Article{MANMACHINE,
  Title                    = {Man and Machine in Industry 4.0: How Will Technology Transform the Industrial Workforce Through 2025?},
  Author                   = {Lorenz, Markus and Rüßmann, Michael and Strack, Rainer and Lasse Lueth, Knud and Bolle, Moritz},
  Journal                  = {Boston Consulting Group Perspectives, BCG},
  Year                     = {2015},

  Publisher                = {BCG}
}

@InCollection{ITALYLEYMANN,
  Title                    = {Enabling adaptation of pervasive flows: Built-in contextual adaptation},
  Author                   = {Marconi, Annapaola and Pistore, Marco and Sirbu, Adina and Eberle, Hanna and Leymann, Frank and Unger, Tobias},
  Booktitle                = {Service-Oriented Computing},
  Publisher                = {Springer},
  Year                     = {2009},
  Pages                    = {445--454}
}

@Article{MELLNIST,
  Title                    = {The NIST definition of cloud computing},
  Author                   = {Mell, Peter and Grance, Tim},
  Year                     = {2011},

  Publisher                = {Computer Security Division, Information Technology Laboratory, National Institute of Standards and Technology Gaithersburg}
}

@InProceedings{RFIDMIS,
  Title                    = {A RFID-based material tracking information system},
  Author                   = {Min, Zhang and Wenfeng, Li and Zhongyun, Wang and Bin, LI and Xia, Ran},
  Booktitle                = {Automation and Logistics, 2007 IEEE International Conference on},
  Year                     = {2007},
  Organization             = {IEEE},
  Pages                    = {2922--2926}
}

@Article{ICON,
  Title                    = {The “physics” of notations: toward a scientific basis for constructing visual notations in software engineering},
  Author                   = {Moody, Daniel L},
  Journal                  = {Software Engineering, IEEE Transactions on},
  Year                     = {2009},
  Number                   = {6},
  Pages                    = {756--779},
  Volume                   = {35},

  Publisher                = {IEEE}
}

@Misc{BPELSPEC,
  Title                    = {Web Services Business Process Execution Language Version 2.0},

  Author                   = {OASIS},
  HowPublished             = {http://docs.oasis-open.org/wsbpel/2.0/OS/wsbpel-v2.0-OS.pdf},
  Note                     = {[Online]},
  Year                     = {2007}
}

@Misc{OMGSPEC,
  Title                    = {Business Process Model and Notation (BPMN) Version 2.0 Specification},

  Author                   = {Object Managment Group - OMG},
  HowPublished             = {http://www.omg.org/spec/BPMN/2.0/PDF/},
  Note                     = {[Online]},
  Year                     = {2011},

  Journal                  = {BPMN/2.0}
}

@Article{CONAWAREIOT,
  Title                    = {Context aware computing for the internet of things: A survey},
  Author                   = {Perera, Charith and Zaslavsky, Arkady and Christen, Peter and Georgakopoulos, Dimitrios},
  Journal                  = {Communications Surveys \& Tutorials, IEEE},
  Year                     = {2014},
  Number                   = {1},
  Pages                    = {414--454},
  Volume                   = {16},

  Publisher                = {IEEE}
}

@InCollection{PFFFERDYNAMIC,
  Title                    = {Dynamic adaptation of workflow based service compositions},
  Author                   = {Pfeffer, Heiko and Linner, David and Steglich, Stephan},
  Booktitle                = {Advanced Intelligent Computing Theories and Applications. With Aspects of Theoretical and Methodological Issues},
  Publisher                = {Springer},
  Year                     = {2008},
  Pages                    = {763--774}
}

@Article{PROVOP,
  Title                    = {Extending a business process modeling tool with process configuration facilities: The Provop demonstrator},
  Author                   = {Reichert, Manfred and Rechtenbach, Steve and Hallerbach, Alena and Bauer, Thomas},
  Year                     = {2009}
}

@Misc{HYPECYCGARTNER,
  Title                    = {Gartner's 2015 Hype Cycle for Emerging Technologies Identifies the Computing Innovations That Organizations Should Monitor},

  Author                   = {Rivera, Janessa and van der Meulen, Rob},
  HowPublished             = {http://www.gartner.com/newsroom/id/3114217},
  Note                     = {[Online]},
  Year                     = {2015}
}

@Article{IN4BCG,
  Title                    = {Industry 4.0: The Future of Productivity and Growth in Manufacturing Industries},
  Author                   = {Rüßmann, Michael and Lorenz, Markus and Gerbert, Philipp and Waldner, Manuela and Justus, Jan and Engel, Pascal and Harnisch, Michael},
  Journal                  = {Boston Consulting Group Perspectives, BCG},
  Year                     = {2015},

  Publisher                = {BCG}
}

@InProceedings{SMARTIND,
  Title                    = {Smart label-supported autonomous supply chain control in the apparel industry},
  Author                   = {Scholz-Reiter, B and Teucke, M and {\"O}zsahin, ME and Sowade, Steffen},
  Booktitle                = {5th International Congress on Logistics and SCM Systems (ICLS 2009)},
  Year                     = {2009},
  Pages                    = {44--52}
}

@InCollection{IN4HYPO,
  Title                    = {Hypotheses for a Theory of Production in the Context of Industrie 4.0},
  Author                   = {Schuh, G{\"u}nther and Reuter, Christina and Hauptvogel, Annika and D{\"o}lle, Christian},
  Booktitle                = {Advances in Production Technology},
  Publisher                = {Springer},
  Year                     = {2015},
  Pages                    = {11--23}
}

@InProceedings{TIMURCIRP,
  Title                    = {Context-sensitive Adaptive Production Process},
  Author                   = {Sungur, C. Timurhan and Breitenb{\"u}cher, Uwe and Leymann, Frank and Wieland, Matthias},
  Year                     = {2015},
  Pages                    = {000--000},
  Publisher                = {Elsevier},
  Volume                   = {0},

  Journal                  = {Procedia CIRP}
}

@InProceedings{BPMN4WSN,
  Title                    = {Extending BPMN for Wireless Sensor Networks},
  Author                   = {C. Timurhan Sungur and Patrik Spiess and
Nina Oertel and Oliver Kopp},
  Booktitle                = {2013 IEEE International Conference on Business Informatics},
  Year                     = {2013},
  Pages                    = {109--116},
  Publisher                = {IEEE Computer Society}
}

@InProceedings{IOTFUTURE,
  Title                    = {Future internet: The internet of things},
  Author                   = {Tan, Lu and Wang, Neng},
  Booktitle                = {Advanced Computer Theory and Engineering (ICACTE), 2010 3rd International Conference on},
  Year                     = {2010},
  Organization             = {IEEE},
  Pages                    = {V5--376},
  Volume                   = {5}
}

@Article{IOTCLOUD,
  Title                    = {IoT-based intelligent perception and access of manufacturing resource toward cloud manufacturing},
  Author                   = {Tao, Fei and Zuo, Ying and Da Xu, Li and Zhang, Lin},
  Journal                  = {Industrial Informatics, IEEE Transactions on},
  Year                     = {2014},
  Number                   = {2},
  Pages                    = {1547--1557},
  Volume                   = {10},

  Publisher                = {IEEE}
}

@InCollection{WESTKAMP,
  Title                    = {Factory transformability: adapting the structures of manufacturing},
  Author                   = {Westk{\"a}mper, E},
  Booktitle                = {Reconfigurable Manufacturing Systems and Transformable Factories},
  Publisher                = {Springer},
  Year                     = {2006},
  Pages                    = {371--381}
}

@InProceedings{CONWORKFLOW,
  Title                    = {Towards context-aware workflows},
  Author                   = {Wieland, Matthias and Kopp, Oliver and Nicklas, Daniela and Leymann, Frank},
  Booktitle                = {CAiSE07 Proc. of the Workshops and Doctoral Consortium},
  Year                     = {2007},
  Pages                    = {25},
  Volume                   = {2}
}

@Article{IOTXIA,
  Title                    = {Internet of things},
  Author                   = {Xia, Feng and Yang, Laurence T and Wang, Lizhe and Vinel, Alexey},
  Journal                  = {International Journal of Communication Systems},
  Year                     = {2012},
  Number                   = {9},
  Pages                    = {1101},
  Volume                   = {25}
}

